%% This BibTeX bibliography file was created using BibDesk.
%% http://bibdesk.sourceforge.net/


%% Created for Charles Bloomfield at 2015-12-14 19:58:05 -0500 


%% Saved with string encoding Unicode (UTF-8) 



@article{anova-classification,
	Author = {Nadir Omer Fadl Elssied, Othman Ibrahim and Ahmed Hamza Osman},
	Date-Added = {2015-12-15 00:56:44 +0000},
	Date-Modified = {2015-12-15 00:57:56 +0000},
	Title = {A Novel Feature Selection Based on One-Way ANOVA F-Test for E-Mail Spam Classification}}

@article{adaboost-breast-cancer,
	Author = {Jaree Thongkam, Guandong Xu, Yanchun Zhang and Fuchun Huang},
	Date-Added = {2015-12-15 00:19:59 +0000},
	Date-Modified = {2015-12-15 00:26:59 +0000},
	Title = {Breast Cancer Survivability via Adaboost Algorithms}}

@online{worldhealthorganization-2015,
	Author = {World Health Organization},
	Title = {About diabetes},
	Url = {http://www.who.int/diabetes/action_online/basics/en/},
	Year = {2015},
	Bdsk-Url-1 = {http://www.who.int/diabetes/action_online/basics/en/}}

@article{hyperglycemia-2002,
	Author = {Guillermo E. Umpierrez and Scott D. Isaacs and Niloofar Bazargan and Xiangdong You and Leonard M. Thaler and Abbas E. Kitabchi},
	Journal = {The Journal of Clinical Endocrinology \& Metabolism},
	Number = {3},
	Pages = {978-982},
	Title = {Hyperglycemia: An Independent Marker of In-Hospital Mortality in Patients with Undiagnosed Diabetes},
	Volume = {87},
	Year = {2002}}

@article{unrecognizeddiabetes-1998,
	Author = {Levetan, Claresa S and Passaro, Maureen and Jablonski, Kathleen and Kass, Mary and Ratner, Robert E},
	Doi = {10.2337/diacare.21.2.246},
	Journal = {Diabetes Care},
	Number = {2},
	Pages = {246-249},
	Title = {Unrecognized Diabetes Among Hospitalized Patients},
	Volume = {21},
	Year = {1998},
	Bdsk-Url-1 = {http://dx.doi.org/10.2337/diacare.21.2.246}}

@online{readmissionreduction-2015,
	Author = {Centers for Medicare \& Medicaid Services},
	Title = {Readmissions Reduction Program},
	Url = {https://www.cms.gov/medicare/medicare-fee-for-service-payment/acuteinpatientpps/readmissions-reduction-program.html},
	Year = {2015},
	Bdsk-Url-1 = {https://www.cms.gov/medicare/medicare-fee-for-service-payment/acuteinpatientpps/readmissions-reduction-program.html}}

@article{hba1c-2014,
	Author = {Beata Strack and Jonathan P. DeShazo and Chris Gennings and Juan L. Olmo and Sebastian Ventura and Krzysztof J. Cios and John N. Clore},
	Journal = {BioMed Research International},
	Month = {apr},
	Title = {Impact of HbA1c Measurement on Hospital Readmission Rates: Analysis of 70,000 Clinical Database Patient Records},
	Year = {2014}}

@online{dataset-2014,
	Author = {UCI Machine Learning Repository},
	Title = {Diabetes 130-US hospitals for years 1999-2008 Data Set},
	Url = {https://archive.ics.uci.edu/ml/datasets/Diabetes+130-US+hospitals+for+years+1999-2008},
	Year = {2014},
	Bdsk-Url-1 = {https://archive.ics.uci.edu/ml/datasets/Diabetes+130-US+hospitals+for+years+1999-2008}}

@article{estimates-2011,
	Author = {David R. Whiting and Leonor Guariguata and Clara Weil and Jonathan Shaw},
	Journal = {Diabetes Research and Clinical Practice},
	Month = {dec},
	Number = {3},
	Pages = {311-21},
	Title = {IDF diabetes atlas: global estimates of the prevalence of diabetes for 2011 and 2030},
	Volume = {94},
	Year = {2011}}

@article{sas-2015,
	Author = {Hephzibah Munnangi and Goutam Chakraborty},
	Journal = {SAS Global Forum Proceedings},
	Title = {Predicting Readmission of Diabetic Patients using the high performance Support Vector Machine algorithm of SAS Enterprise Miner},
	Year = {2015}}

@article{cotha-2015,
	Author = {Naveen Kumar Parachur Cotha and Marina Sokolova},
	Journal = {CoRR},
	Title = {Multi-Labeled Classification of Demographic Attributes of Patients: a case study of diabetics patients},
	Volume = {abs/1503.07795},
	Year = {2015}}

@inproceedings{purwar-2014,
	Author = {Purwar, A. and Singh, S.K.},
	Booktitle = {Computational Intelligence and Computing Research (ICCIC), 2014 IEEE International Conference on},
	Month = {Dec},
	Pages = {1-6},
	Title = {Issues in data mining: A comprehensive survey},
	Year = {2014}}

@article{smote-2012,
	Acmid = {2142366},
	Address = {Tarrytown, NY, USA},
	Author = {L\'{o}pez, Victoria and Fern\'{a}ndez, Alberto and Moreno-Torres, Jose G. and Herrera, Francisco},
	Doi = {10.1016/j.eswa.2011.12.043},
	Issn = {0957-4174},
	Issue_Date = {June, 2012},
	Journal = {Expert Syst. Appl.},
	Keywords = {Class overlap, Classification, Cost-sensitive learning, Dataset shift, Imbalanced datasets, Preprocessing},
	Month = jun,
	Number = {7},
	Numpages = {24},
	Pages = {6585--6608},
	Publisher = {Pergamon Press, Inc.},
	Title = {Analysis of Preprocessing vs. Cost-sensitive Learning for Imbalanced Classification. Open Problems on Intrinsic Data Characteristics},
	Url = {http://dx.doi.org/10.1016/j.eswa.2011.12.043},
	Volume = {39},
	Year = {2012},
	Bdsk-Url-1 = {http://dx.doi.org/10.1016/j.eswa.2011.12.043}}

@inproceedings{wu-2003,
	Author = {Gang Wu and Edward Y. Chang},
	Booktitle = {In ICML 2003 Workshop on Learning from Imbalanced Data Sets},
	Pages = {49--56},
	Title = {Class-boundary alignment for imbalanced dataset learning},
	Year = {2003}}

@article{raskutti-2004,
	Acmid = {1007739},
	Address = {New York, NY, USA},
	Author = {Raskutti, Bhavani and Kowalczyk, Adam},
	Doi = {10.1145/1007730.1007739},
	Issn = {1931-0145},
	Issue_Date = {June 2004},
	Journal = {SIGKDD Explor. Newsl.},
	Month = jun,
	Number = {1},
	Numpages = {10},
	Pages = {60--69},
	Publisher = {ACM},
	Title = {Extreme Re-balancing for SVMs: A Case Study},
	Url = {http://doi.acm.org/10.1145/1007730.1007739},
	Volume = {6},
	Year = {2004},
	Bdsk-Url-1 = {http://doi.acm.org/10.1145/1007730.1007739},
	Bdsk-Url-2 = {http://dx.doi.org/10.1145/1007730.1007739}}

@article{weiss-2003,
	Acmid = {1622445},
	Address = {USA},
	Author = {Weiss, Gary M. and Provost, Foster},
	Issn = {1076-9757},
	Issue_Date = {July 2003},
	Journal = {J. Artif. Int. Res.},
	Month = oct,
	Number = {1},
	Numpages = {40},
	Pages = {315--354},
	Publisher = {AI Access Foundation},
	Title = {Learning when Training Data Are Costly: The Effect of Class Distribution on Tree Induction},
	Url = {http://dl.acm.org/citation.cfm?id=1622434.1622445},
	Volume = {19},
	Year = {2003},
	Bdsk-Url-1 = {http://dl.acm.org/citation.cfm?id=1622434.1622445}}

@article{imputation-96,
	Author = {Kamakshi Lakshminarayan and Steven A. Harp and Robert Goldman and Tariq Samad},
	Journal = {INTERNATIONAL CONFERENCE ON KNOWLEDGE DISCOVERY AND DATA MINING},
	Title = {Imputation of missing data using machine learning techniques},
	Year = {1996}}

@article{gustavo-2003,
	Author = {Gustavo E. A. P. A. Batista and Maria Carolina Monard},
	Journal = {Applied Artificial Intelligence},
	Title = {An Analysis of Four Missing Data Treatment Methods for Supervised Learning},
	Year = {2003}}

@article{lakshminarayan-1999,
	Acmid = {590882},
	Address = {Hingham, MA, USA},
	Author = {Lakshminarayan, Kamakshi and Harp, Steven A. and Samad, Tariq},
	Doi = {10.1023/A:1008334909089},
	Issn = {0924-669X},
	Issue_Date = {November-December 1999},
	Journal = {Applied Intelligence},
	Keywords = {industrial databases, machine learning, missing data, multiple imputation},
	Month = nov,
	Number = {3},
	Numpages = {17},
	Pages = {259--275},
	Publisher = {Kluwer Academic Publishers},
	Title = {Imputation of Missing Data in Industrial Databases},
	Url = {http://dx.doi.org/10.1023/A:1008334909089},
	Volume = {11},
	Year = {1999},
	Bdsk-Url-1 = {http://dx.doi.org/10.1023/A:1008334909089}}
